@article{semmelmann2022load,
  title={Load forecasting for energy communities: A novel LSTM-XGBoost hybrid model based on smart meter data},
  author={Semmelmann, Leo and Henni, Sarah and Weinhardt, Christof},
  journal={Energy Informatics},
  volume={5},
  number={Suppl 1},
  pages={24},
  year={2022},
  publisher={Springer}
}
@article{gao2022two,
  title={A two-layer SSA-XGBoost-MLR continuous multi-day peak load forecasting method based on hybrid aggregated two-phase decomposition},
  author={Gao, Zhengzhong and Yin, Xiucheng and Zhao, Fanzhe and Meng, Han and Hao, Yican and Yu, Minhang},
  journal={Energy Reports},
  volume={8},
  pages={12426--12441},
  year={2022},
  publisher={Elsevier}
}
@article{budholiya2022optimized,
  title={An optimized XGBoost based diagnostic system for effective prediction of heart disease},
  author={Budholiya, Kartik and Shrivastava, Shailendra Kumar and Sharma, Vivek},
  journal={Journal of King Saud University-Computer and Information Sciences},
  volume={34},
  number={7},
  pages={4514--4523},
  year={2022},
  publisher={Elsevier}
}
@article{chen2015xgboost,
  title={Xgboost: extreme gradient boosting},
  author={Chen, Tianqi and He, Tong and Benesty, Michael and Khotilovich, Vadim and Tang, Yuan and Cho, Hyunsu and Chen, Kailong and Mitchell, Rory and Cano, Ignacio and Zhou, Tianyi and others},
  journal={R package version 0.4-2},
  volume={1},
  number={4},
  pages={1--4},
  year={2015}
}
@article{hochreiter1997long,
  title={Long short-term memory},
  author={Hochreiter, Sepp and Schmidhuber, J{\"u}rgen},
  journal={Neural computation},
  volume={9},
  number={8},
  pages={1735--1780},
  year={1997},
  publisher={MIT press}
}
@article{cover1967nearest,
  title={Nearest neighbor pattern classification},
  author={Cover, Thomas and Hart, Peter},
  journal={IEEE transactions on information theory},
  volume={13},
  number={1},
  pages={21--27},
  year={1967},
  publisher={IEEE}
}
@inproceedings{qi2004predictive,
  title={Predictive automatic relevance determination by expectation propagation},
  author={Qi, Yuan and Minka, Thomas P and Picard, Rosalind W and Ghahramani, Zoubin},
  booktitle={Proceedings of the twenty-first international conference on Machine learning},
  pages={85},
  year={2004}
}
@article{kulisz2024optimizing,
  title={Optimizing the Neural Network Loss Function in Electrical Tomography to Increase Energy Efficiency in Industrial Reactors},
  author={Kulisz, Monika and K{\l}osowski, Grzegorz and Rymarczyk, Tomasz and S{\l}oniec, Jolanta and Gauda, Konrad and Cwynar, Wiktor},
  journal={Energies},
  volume={17},
  number={3},
  pages={681},
  year={2024},
  publisher={MDPI}
}
@article{rudy2021sparse,
  title={Sparse methods for automatic relevance determination},
  author={Rudy, Samuel H and Sapsis, Themistoklis P},
  journal={Physica D: Nonlinear Phenomena},
  volume={418},
  pages={132843},
  year={2021},
  publisher={Elsevier}
}
